@URL {raspberrypi.org2012,
    author   = "raspberrypi.org",
    year     = "2012",
    crossref = "https://www.raspberrypi.org/documentation/hardware/raspberrypi/README.md"
}

@phdthesis{santos2012inspeccao,
  title={Inspe{\c{c}}{\~a}o e adequa{\c{c}}{\~a}o das instala{\c{c}}{\~o}es el{\'e}tricas e procedimentos de trabalho de uma empresa {\`a} norma regulamentadora NR-10.},
  author={Santos, Elton Cosmo de Souza and others},
  year={2012},
  school={UNIVERSIDADE DE S{\~A}O PAULO}
}

@book{carmo1999qualidade,
  title={Qualidade do ar interno},
  author={Carmo, Adriano Trotta and Prado, Racine Tadeu Ara{\'u}jo},
  year={1999},
  publisher={EPUSP S{\~a}o Paulo}
}

@article{bortoletto2002contaminaccao,
  title={Contamina{\c{c}}{\~a}o f{\'u}ngica do acervo da biblioteca de Manguinhos da Funda{\c{c}}{\~a}o Oswaldo Cruz: A{\c{c}}{\~o}es desenvolvidas para sua solu{\c{c}}{\~a}o},
  author={Bortoletto, Maria {\'E}lide and Machado, Rejane Ramos and Coutinho, Eliana and others},
  year={2002},
  publisher={Universidade Federal de Santa Catarina}
}

@article{souza2012inspeccao,
  title={Inspe{\c{c}}{\~a}o de defeitos em revestimentos de materiais comp{\'o}sitos aplicados em tanques met{\'a}licos utilizando shearografia},
  author={Souza, Jo{\~a}o Paulo Ferreira Martins de and others},
  year={2012},
  publisher={Florian{\'o}polis}
}

@article{molina2008metodo,
  title={Um M{\'e}todo de Vis{\~a}o Rob{\'o}tica para Identifica{\c{c}}{\~a}o de Cord{\~o}es de Solda em Tanques de Armazenamento Visando Inspe{\c{c}}{\~a}o Automatizada},
  author={Molina, Lucas and CARVALHO, ELYSON and MOURA, MATHEUS and FREIRE, EDUARDO and MONTALV{\~A}O, JUGURTA},
  journal={XVII CBA},
  year={2008}
}

@inproceedings{quigley2009ros,
  title={ROS: an open-source Robot Operating System},
  author={Quigley, Morgan and Conley, Ken and Gerkey, Brian and Faust, Josh and Foote, Tully and Leibs, Jeremy and Wheeler, Rob and Ng, Andrew Y},
  booktitle={ICRA workshop on open source software},
  volume={3},
  number={3.2},
  pages={5},
  year={2009},
  organization={Kobe, Japan}
}

@article{valdez2015understanding,
  title={Understanding the I2C Bus},
  author={Valdez, Jonatham and Becker, Jared},
  journal={Texas Instruments SLVA704},
  year={2015}
}

@phdthesis{peterchev2005digital,
  title={Digital pulse-width modulation control in power electronic circuits: Theory and applications},
  author={Peterchev, Angel Vladimirov and others},
  year={2005},
  school={Citeseer}
}
